@Online{latex2015,
  author   = {{RSI 2015 Staff}},
  title    = {Introduction to \LaTeX},
  url      = {https://web.mit.edu/rsi/www/pdfs/new-latex.pdf},
  subtitle = {Writing papers the right way},
  urldate  = {2021-10-08},
  year     = {2015},
}

@Book{Schlosser2014,
  author    = {Schlosser, Joachim},
  date      = {2014},
  title     = {Wissenschaftliche Arbeiten schreiben mit LATEX Leitfaden für Einsteiger},
  isbn      = {9783826694868},
  location  = {HeidelbergMünchenLandsbergFrechenHamburg},
  publisher = {mitp},
}

@Book{ITUG2003,
  author    = {{Indian TEX Users Group}},
  date      = {2003-09},
  title     = {LATEX Tutorials},
  editor    = {E. Krishnan},
  language  = {en},
  location  = {Trivandrum 695014, India},
  pages     = {155},
  publisher = {Indian TEX Users Group},
  subtitle  = {A Primer},
  url       = {https://www.tug.org/twg/mactex/tutorials/ltxprimer-1.0.pdf},
  urldate   = {2022-01-02},
  comment   = {Contents of the book

* The Basics – what is LaTeX, simple typesetting, fonts.
* The Document – describes how an entire document with chapters and sections can be produced.
* Bibliography – the BibTeX program is examined.
* Bibliographic Databases – the reader is shown how to create a bibliographic database.
* Table of contents, Index and Glossary.
* Displayed Text – shows the reader various constructs for displaying text depending on the nature of the displayed text.
* Rows and Columns – keeping tabs, and tables are examined.
* Typesetting Mathematics – including custom commands, new operators, and symbols.
* Typesetting Theorems – using the declaration \newtheorem.
* Several Kinds of Boxes – LR boxes, Par, Rule.
* Floats – a good tutorial on the thorny problem of figures.
* Cross References in LATEX.
* Footnotes, Marginpars, and Endnotes.},
}

@Book{Lamport1994,
  author    = {Lamport, Leslie},
  date      = {1994-06-30},
  title     = {Latex: A Document Preparation System},
  isbn      = {0201529831},
  pagetotal = {272},
  publisher = {ADDISON WESLEY PUB CO INC},
  url       = {https://www.ebook.de/de/product/3236600/leslie_lamport_latex_a_document_preparation_system.html},
  ean       = {9780201529838},
  year      = {1994},
}

@Book{Mittelbach2004,
  author    = {Mittelbach, Frank},
  date      = {2004},
  title     = {The LaTeX companion},
  isbn      = {9780201362992},
  location  = {Boston},
  publisher = {Addison-Wesley},
}

@Book{Goossens2008,
  author    = {Goossens, Michel},
  date      = {2008},
  title     = {The LaTeX Graphics companion},
  isbn      = {0321508920},
  location  = {Upper Saddle River, NJ},
  publisher = {Addison-Wesley},
}

@Book{Goossens1999,
  author    = {Goossens, Michel and Rahtz, Sebastian and Gurari, Eitan},
  date      = {1999-06-30},
  title     = {The Latex Web Companion: Integrating Tex, Html, and XML},
  isbn      = {0201433117},
  pagetotal = {560},
  publisher = {ADDISON WESLEY PUB CO INC},
  url       = {https://www.ebook.de/de/product/3240870/michel_goossens_sebastian_rahtz_eitan_gurari_the_latex_web_companion_integrating_tex_html_and_xml.html},
  ean       = {9780201433111},
  year      = {1999},
}

@Book{Kopka2004,
  author    = {Kopka, Helmut},
  date      = {2004},
  title     = {Guide to LATEX},
  isbn      = {9780321173850},
  location  = {Boston},
  publisher = {Addison-Wesley},
}

@Book{Mittelbach2007,
  author    = {Mittelbach, Frank and Goossens, Michel and Braams, Johannes and Lemport, Leslie},
  date      = {2007-07-01},
  title     = {The Latex Companions Third Revised Boxed Set: A Complete Guide and Reference for Preparing, Illustrating and Publishing Technical Documents},
  isbn      = {0321514432},
  pagetotal = {3328},
  publisher = {ADDISON WESLEY PUB CO INC},
  url       = {https://www.ebook.de/de/product/6521722/frank_mittelbach_michel_goossens_johannes_braams_leslie_lemport_the_latex_companions_third_revised_boxed_set_a_complete_guide_and_reference_for_preparing_illustrating_and_publishing_technical_documents.html},
  ean       = {9780321514431},
  year      = {2007},
}

@Book{Kottwitz2011,
  author    = {Kottwitz, Stefan},
  date      = {2011-03-25},
  title     = {Latex Beginner's Guide},
  isbn      = {1847199860},
  pagetotal = {336},
  publisher = {Packt Publishing},
  url       = {https://www.ebook.de/de/product/14843075/stefan_kottwitz_latex_beginner_s_guide.html},
  ean       = {9781847199867},
  year      = {2011},
}

@Book{Talbot2012,
  author    = {Nicola L. C. Talbot},
  date      = {2012-09-25},
  title     = {{\LaTeX} for Complete Novices},
  isbn      = {978-1-909440-00-5},
  publisher = {Dickimaw Books},
  series    = {Dickimaw {\LaTeX} Series},
  url       = {https://www.dickimaw-books.com/latex/novices/novices-report.pdf},
  urldate   = {2022-01-03},
  volume    = {1},
  address   = {Norfolk, UK},
  year      = {2012},
}

@Comment{jabref-meta: databaseType:biblatex;}
