@article{bib-ref:1, author={Autor(en)}, title={Titel}, journal={Journal}, year={Veröffentlichungsdatum}, etc={…}
}
@book{bib-ref:2, author={…}, title={…}, publisher={Verlag}, year={…}, etc={…}
}
@online{bib-ref:3, title={…}, url={URL}, urldate={Aufrufdatum}, etc={…}
}